@article{brazil,
	author = "Wangenheim von, Aldo et al.",
	title = "Weed Mapping on Aerial Images",
	journaltitle = "INCoD.LAPIX",
	date = "2019",
}
@article{eval,
	author = "Csuka, Gabriela et al.",
	title = "What is a good evaluation measure forsemantic segmentation",
	journaltitle = "BMVX",
	date = "2017",
}

@article{seg,
	author = "Kendall, Alex et al.",
	title = "SegNet: A Deep Convolutional Encoder-Decoder Architecture for Image Segmentation",
	journaltitle = "PAMI",
	date = "2017",
}
@article{long,
	author = "Bengio, Samy",
	title = "Sharing Representations for Long Tail Computer Vision Problems",
	journaltitle = "ICMI",
	date = "2015",
}
@misc{bn,
	author = "Jaron Collis",
	title = "Glossary of Deep Learning: Batch Normalization",
	howpublished = {\\\url{https://medium.com/deeper-learning/ glossary-of-deep-learning-batch -normalisation-8266dcd2fa82}},
	note = {Accessed: 2019-12-21},
	month = {June 27th},
	year = 2017
}

@misc{Adam,
	author = {Kingma, Diederik P. and Ba, Jimmy},
	biburl = {https://www.bibsonomy.org/bibtex/2d53bcfff0fe1a1d3a4a171352ee6e92c/alrigazzi},
	description = {Adam: A Method for Stochastic Optimization},
	keywords = {deep dl large-scale networks neural},
	note = {arxiv:1412.6980},
	timestamp = {2019-06-04T16:24:16.000+0200},
	title = {Adam: A Method for Stochastic Optimization},
	url = {http://arxiv.org/abs/1412.6980},
	year = 2014
}

@misc{Metric,
	author = {Eduardo Fernandez-Moral, Renato Martins, Denis Wolf, Patrick Rives},
	biburl = {https://hal.inria.fr/hal-01581525/document},
	description = {A new metric for evaluating semantic segmentation:leveraging global and contour accuracy},
	note = {HAL Id: hal-01581525},
	timestamp = {2019-06-04T16:24:16.000+0200},
	title = {A new metric for evaluating semantic segmentation:leveraging global and contour accuracy},
	url = {https://hal.inria.fr/hal-01581525/document},
	year = 2017
}

@misc{VGG16,
	author = {Karen Simonyan, Andrew Zisserman},
	biburl = {https://arxiv.org/pdf/1409.1556.pdf},
	description = {A new metric for evaluating semantic segmentation:leveraging global and contour accuracy},
	timestamp = {2019-06-04T16:24:16.000+0200},
	title = {VGG16: Very Deep Convolutional Networks For Large-Scale Image Recognition},
	url = {https://arxiv.org/pdf/1409.1556.pdf},
	year = 2015
}
